@misc{Redis,
        title={Redis},
        howpublished={http://redis.io/},
}
