@misc{puppet,
        title={Puppet Labs: IT Automation Software for System Administrators},
        howpublished={http://puppetlabs.com/},
}

@misc{redis,
	title={Redis: An open source, BSD licensed, advanced key-value store},
	howpublished={http://redis.io/},
}

@misc{chef,
	title={Chef: IT automation for speed and awesomeness},
	howpublished={http://www.getchef.com/},
}
