@misc{puppet,
        title={Puppet Labs: IT Automation Software for System Administrators},
        howpublished={http://puppetlabs.com/},
}

@misc{chef,
	title={Chef: IT automation for speed and awesomeness},
	howpublished={http://www.getchef.com/},
}
